@article{Karr2006,
  author = {Karr, A.F. and Kohnen, C.N. and Oganian, A. and Reiter, J.P. and Sanil, A.P.},
  title = {A Framework for Evaluating the Utility of Data Altered to Protect Confidentiality},
  journal = {The American Statistician},
  year = 2006,
  number = 3,
  pages = {224-232},
  volume = 60,
}

@article{Snoke2018,
  author = {Snoke, Joshua and Raab, Gillian M. and Nowok, Beata and Dibben, Chris},
  title = {General and specific utility measures for synthetic data},
  journal = {Journal of the Royal Statistical Society},
  volume = {181},
  year = 2018,
  issue = {3},
  pages = {663--688}
}

@book{vanBurren2018,
  author    = {Stef van Buuren}, 
  title     = {Flexible Imputation of Missing Data},
  publisher = {CRC Press},
  year      = 2018,
  isbn      = {9781138588318}
}

@misc{Cortez2008,
  author = {Paulo Cortez},
  title = {Student Performance Data Set},
  year = {2014},
  url = {https://archive.ics.uci.edu/ml/datasets/Student+Performance},
}

@book{Little2020,
  author    = {Little, Roderick J.A. and Rubin, Donald B.}, 
  title     = {Statistical Analysis with Missing Data},
  publisher = {Wiley},
  year      = 2020,
  isbn      = {9780470526798}
}

@book{Gelman2021,
  author    = {Gelman, Andrew and Carlin, John B. and Stern, Hal S. and Dunson, David B. and Vehtari, Aki and Rubin, Dondal B.}, 
  title     = {Bayesian Data Analysis},
  publisher = {Chapman and Hall},
  year      = 2020,
  isbn      = {1439840954}
}

